@misc{moreau_2020,
  title     = {Generative design with the wave function collapse algorithm},
  url       = {https://www.bim42.com/2020/09/generative-design-with-the-wave-function-collapse-algorithm},
  journal   = {BIM 42},
  publisher = {Simon Moreau},
  author    = {Moreau, Simon},
  year      = {2020},
  month     = {Sep}
}

@misc{JanAmy2019,
  author       = {Jan Orlowski and Amy Lee},
  title        = {Parallel Wave Function Collapse},
  year         = {2019},
  publisher    = {GitHub},
  journal      = {GitHub repository},
  howpublished = {\url{https://github.com/amylh/WaveCollapseGen}},
  commit       = {44b7825f98cca718488402ee75bc62972e120a1c}
}

@article{games1970fantastic,
  title   = {The fantastic combinations of John Conway’s new solitaire game “life” by Martin Gardner},
  author  = {Games, Mathematical},
  journal = {Scientific American},
  volume  = {223},
  pages   = {120--123},
  year    = {1970}
}

@misc{nicholasrui_2017,
  title     = {Convolutions and the Game of Life},
  url       = {https://nicholasrui.com/2017/12/18/convolutions-and-the-game-of-life/},
  journal   = {nicholasrui.com},
  publisher = {Nicholas Ru},
  author    = {Ru, Nicholas},
  year      = {2017},
  month     = {Dec}
} 

@misc{modulo_addition,
  author       = {Benjamin Lindley},
  title        = {Iterating over the array in random order [duplicate]},
  month        = {Sept},
  year         = {2013},
  howpublished = {\url{https://stackoverflow.com/a/18994414}}
}